@other{Safety,
    year={2014},
    title={ESRF Safety Training},
    },
    
@other{Siteweb,
	title={ESRF Website : \url{www.esrf.eu}},
	},
	
	@other{Pres,
	title={XAFS PowerPoint Presentation},
	author={V. Cuartero},
	year={2014},
},

