@PhDthesis{these1,
    year={2006},
    author={Davide Bucci},
    title={Mise au point d'un duplexeur pompe/signal à base de guides segmentés en optique intégrée sur verre},
    address={Institut National Polytechnique de Grenoble - INPG}
}
@book{stage,
    year={2012},
    author={Pierre Reilhac and Mériem Boukerrouni and Sarah Ayad},
    title={Coupleur directionnel},
    address={Université Nice Sophia-Antipolis / LPMC}
}
@book{composants,
    year={1991},
    author={J.P. Goure},
    title={Composants à fibres optiques},
}
@PhDthesis{these2,
    year={2010},
    author={Riad Boudelal},
    title={Étude de couplage d'un guide d'ondes avec une fibre optique},
    address={Faculté des Sciences de l'Ingénieur}
}
